% This file was created with JabRef 2.6.
% Encoding: Cp1252

@ARTICLE{roberts:2004,
  author = "Roberts, J. E.",
  title = "{More lectures on Algebraic Quantum Field Theory}",
  journal = "Lectures notes in mathematics",
  year = "2004",
  volume = "1831",
  pages = "263--342",
  publisher = "Springer Berlin Heidelberg"
}
  

@article{LX:2004,
  author = "Longo, R. and Xu, F.",
  title = {Topological sectors and dichotomy in 
           Conformal Field Theory},
  journal = "Comm. Math. Phys.",
  year = "2004",
  volume = "251",
  pages = "321--364",
  publisher = "Springer Verlag"
}
  

@book{PS1986,
	author = "Pressley, A. and Segal, G.",
	isbn = "019853535X",
	publisher = "Clarendon press Oxford",
	title = "{Loop groups}",
	year = "1986"
}


@book{KE:1998,
	author = "Evans, D. A. and Kawahigashi, Y.",
	isbn = "0 19 851175 2",
	publisher = "Clarendon press Oxford",
	title = "{Quantum symmetries on operator algebras}",
	year = "1998"
}




@book{TAKII:2002,
	author = "Takesaki, M.",
	isbn = "3-540-42914-X",
	publisher = "Springer-Verlag",
	series = "{Encyclopaedia of Mathematical Sciences}",
	title = "{Theory of operator algebras {II}}",
	volume = "124",
	year = "2002"
}



@article{Ca2004,
	author = "Carpi, S.",
	journal = "Comm. Math. Phys.",
	number = "2",
	pages = "261--284",
	title = "{On the representation theory of {V}irasoro nets}",
	volume = "244",
	year = "2004"
}


@book{Fuchs:1992,
	author = "Fuchs, J.",
	isbn = "0521415934",
	publisher = "Cambridge University Press",
	title = "{Affine Lie Algebras and Quantum Groups}",
	year = "1992"
}

@article{GKO:1986,
	author = "Goddard, P. and Kent, A. and Olive, D.",
	journal = "Comm. Math. Phys.",
	pages = "105--119",
	title = "{Unitary representations of {V}irasoro
                 and {S}uper-{V}irasoro algebras}",
	volume = "103",
	year = "1986"
}



@article{GKO:1985,
	author = "Goddard, P. and Kent, A. and Olive, D.",
	journal = "Phys. Lett.",
	pages = "88--92",
	title = "{{V}irasoro algebras and coset space models}",
	volume = "152",
	year = "1985"
}







@article{FQS:1984,
  title = {Conformal Invariance, Unitarity, and Critical Exponents in Two Dimensions},
  author = "Friedan, D. and Qiu, Z. and Shenker, S.",
  journal = {Phys. Rev. Lett.},
  volume = {52},
  pages = {1575--1578},
  year = {1984},
  month = {April},
  publisher = {American Physical Society}
}


@online{Longo:private,
	author = "Longo, R.",
	eprint = "http://www.mat.uniroma2.it/longo/Lecture\_Notes.html",
	title = "{Lecture Notes on Conformal Nets}",
	url = "http://www.mat.uniroma2.it/longo/Lecture_Notes.html",
	year = "2008"
}


@online{Jones:vN,
	author = "Jones, V. F. R.",
	title = "{Von Neumann algebras}",
	url = "http://math.berkeley.edu/~vfr/math20909.html",
	year = "2009"
}

@article{BPZ:1984,
      author         = "Belavin, A. A. and Polyakov, A. M. and
                        Zamolodchikov, A. B.",
      title          = "{Infinite Conformal Symmetry in Two-Dimensional Quantum
                        Field Theory}",
      journal        = "Nucl. Phys.",
      volume         = "B241",
      pages          = "333-380",
      year           = "1984",
}


@article{DLR:2001,
	author = "D'Antoni, C. and Longo, R. and Radulescu, F.",
	journal = "J. Oper. Theory",
	number = "1",
	pages = "195--208",
	title = "{Conformal nets, maximal temperature and models from free probability}",
	volume = "45",
	year = "2001"
}

@article{Rehren:2012wa,
      author         = "Rehren, K.-H. and Tedesco, G.",
      title          = "{Multilocal fermionization}",
      journal        = "Lett. Math. Phys.",
      volume         = "103",
      pages          = "19-36",
      doi            = "10.1007/s11005-012-0582-5",
      year           = "2013",
      eprint         = "1205.0324",
      archivePrefix  = "arXiv",
      primaryClass   = "math-ph",
      SLACcitation   = "%%CITATION = ARXIV:1205.0324;%%",
}


@article{CH:2009,
      author         = "Casini, H. and Huerta, M.",
      title          = "{Reduced density matrix and internal dynamics for
                        multicomponent regions}",
      journal        = "Class. Quant. Grav.",
      volume         = "26",
      pages          = "185005",
      doi            = "10.1088/0264-9381/26/18/185005",
      year           = "2009",
      eprint         = "0903.5284",
      archivePrefix  = "arXiv",
      primaryClass   = "hep-th",
      SLACcitation   = "%%CITATION = ARXIV:0903.5284;%%",
}

@thesis{Bischoff:2012,
      author         = "Bischoff, M.",
      title          = "{Construction of models in low-dimensional
                        Quantum Field Theory using operator algebraic
                        methods}",
      type           = "Ph.D. thesis",
      institution    = "Universit`{a} degli studi di Roma ``Tor
                       Vergata''",
      year           = "2012",
      url            = "http://www.theorie.physik.uni-goettingen.de/~bischoff/publications.php",
}


@book{Haag,
	author = "Haag, R.",	
	publisher = "Springer Verlag",
	title = "{Local quantum physics}",
	year = "1992",
	isbn = "3-540-53610-8",
}



@article{Borchers:1999,
     author  = "H.-J. Borchers",
     title   = "{On Revolutionizing of Quantum Field Theory 
                with {T}omita's Modular Theory}",
     year    = "1999",
     journal = "J. Math. Phys.",
     volume  = "41",
     issue   = "6",
}



@article{Lledo:2011,
     author  = "Lledo, F.",
     title   = "{Modular theory by example}",
     year    = "2011",
     journal = "Cont. Math.",
     volume  = "534",
     pages   ="73-96",
     issue   = "6",
}




@article{Summers:2003,
     author  = "Summers, S. J.",
     title   = "{Tomita-Takesaki modular theory}",
     year    = "2003",
     journal = "Encyc. Math. Phys.",
}




@book{BR:1979,
	author = "Bratteli, O. and Robinson, D. W.",
	publisher = "Springer Verlag",
	title = "{Operator algebras and quantum 
		  statistical mechanics I}",
	year = "1979",
	isbn = "0-387-09187-4",
	series = "{Texts and monographs in physics}",
}


@book{Tak:1970,
	author    = "Takesaki, M.",
	publisher = "Springer Verlag",
	title     = "{Tomita's theory of modular 
		     Hilbert algebras and its applications}",
	year 	  = "1970",
	isbn      = "978-3-540-04917-3",
	series    = "{Lecture notes in mathematics}",
}




@article{BiWi:1975,
     author  = "Bisognano, J. J. and Wichmann, E. H.",
     title   = "{On the duality condition for a hermitian scalar field}",
     year    = "1975",
     journal = "J. Math. Phys.",
     volume  = "16",
     issue   = "4",
}



@article{Guido:2011,
     author  = "Guido, D.",
     title   = "{Modular theory for the von Neumann algebras of
                 local quantum physics}",
     year    = "2011",
     journal = "Cont. Math.",
     volume  = "534",
     pages   = "97-120",
}




@article{GLW:1998,
     author  = "Guido, D. and Longo, R. and Wiesbrock, H.-W.",
     title   = "{Extensions of conformal nets and superselection
   		sectors}",
     year    = "1998",
     journal = "Comm. Math. Phys.",
     volume  = "192",
     issue   = "1",
     pages   = "217-244",
}




@book{BRII:19781,
	author = "Bratteli, O. and Robinson, D. W.",
	publisher = "Springer Verlag",
	title = "{Operator algebras and quantum 
		  statistical mechanics II}",
	year = "1979",
	isbn = "0-387-10381-3",
	series = "{Texts and monographs in physics}",
}



@book{dFMS:1997,
	author = "di Francesco, P. and Mathieu, P and 
                  S\'{e}n\'{e}chal, D.",
	publisher = "Springer",
	title = "{Conformal field theory}",
	year = "1997",
	isbn = "0-387-94785-X",
	series = "{Graduate texts in contemporary physics}",
}




@article{Borch:1992,
	author = "Borchers, H.-J.",
	journal = "Comm. Math. Phys.",
	number = "2",
	pages = "315--332",
	title = "{The CPT theorem in two-dimensional theories
                  of local observables}",
	volume = "143",
	year = "1992"
}


@article{Wies1,
	author = "Wiesbrock, H.-W.",
	journal = "Comm. Math. Phys.",
	number = "1",
	pages = "83--92",
	title = "{Half-sided modular inclusions of 
                  von Neumann algebras}",
	volume = "157",
	year = "1993"
}





@article{Wies2,
	author = "Wiesbrock, H.-W.",
	journal = "Comm. Math. Phys.",
	number = "1",
	pages = "537--543",
	title = "{Conformal quantum field theory and
		 half-sided modular inclusions of von Neumann algebras}",
	volume = "158",
	year = "1993"
}




@article{Wies3,
	author = "Wiesbrock, H.-W.",
	journal = "Lett. Math. Phys.",
	issue = "2",
	pages = "157-159",
	title = "{A comment on a recent work of Borchers}",
	volume = "25",
	year = "1992"
}





@article{LMR:2009,
	author = "Longo, R. and Martinetti, P. and Rehren, K. -H.",
	journal = "Rev. Math. Phys.",
	pages = "331-354",
	title = "{Geometric modular action for disjoint intervals
                  and boundary conformal field theory.}",
	volume = "22",
	year = "2009"
}


@article{Boeck:1996,
	author = "Boeckenhauer, J.",
	journal = "Comm. Math. Phys.",
	pages = "265-304",
	title = "{Localized endomorphisms of the chiral
                 Ising model}",
	volume = "177",
	year = "1996"
}





@unpublished{RehrenCFT,
	author = "Rehren, K.-H.",
	title = "{Konforme Quantenfeldtheorie}",
	year = "1997",
	note = "Lecture notes",
}



@unpublished{RehrenERLCFT,
	author = "Rehren, K.-H.",
	title = "{Lecture notes on conformal QFT}",
	year = "2013",
        note = "Erlangen fall school in geometry and quantum gravity",
	date = "2013",
}






@unpublished{RehrenSYM,
       author = "Rehren, K.-H.",
       title = "{Symmetries in quantum field theory}",
       year = "2012",
       note = "GK1493 lectures series on mathematical physics",
       date = "Summer semester 2011-2012",
}





@article{ScWie:2000,
	author = {Schroer, B. and Wiesbrock H.-W.},
	title = {Modular theory and geometry},
	journal = {Rev. Math. Phys.},
	volume = {12},
	number = {01},
	pages = {139-158},
	year = {2000},
}


@article{FQS,
	author = {Friedan, D. and Qiu, Z. and Shenker, S.},
	title = {Conformal invariance, unitarity, and critical
		exponents in two dimensions},
	journal = {Phys. Rev. Lett.},
	volume = {52},
	number = {18},
	pages = {1575-1578},
	year = {1984},
}





@article{FST,
	author = {Furlan, T. and Sotkov, G. M. and Todorov, I. T.},
	title = {Two-dimensional conformal quantum field theory},
	journal = {Riv. N. Cim.},
	volume = {12},
	number = {6},
	pages = {1-62},
	year = {1989},
}




@book{Kac:VA,
	author = "Kac, V.",
	isbn = "0-8218-1396-X",
	publisher = "American mathematical society",
	title = "{Vertex algebras for beginners}",
	year = "1998",
	series = "{University lecture series}",
	volume ="10",
}





@article{BuMaTo1988,
	author = "Buchholz, D. and Mack, G. and Todorov, I.",
	journal = "Nucl. Phys., B, Proc. Suppl.",
	number = "2",
	pages = "20--56",
	publisher = "Elsevier",
	title = "{The current algebra on the circle as a germ of local field theories}",
	volume = "5",
	year = "1988"
}




@article{PaunTod:1989,
	author = "Paunov, R. R. and Todorov, I.",
	journal = "Lett. Math. Phys.",
	pages = "215--230",
	publisher = "Kluwer academic publishers",
	title = "{Local quantum field theories involving the 
{$\textrm{U}(1)$} current algebra on the circle}",
	volume = "17",
	year = "1989"
}




@book{RS1,
	address = "New York",
	author = "Reed, M. and Simon, B.",
	edition = "Second",
	isbn = "0-12-585050-6",
	mrclass = "46-01 (47-01)",
	mrnumber = "751959 (85e:46002)",
	note = "Functional analysis",
	pages = "xv+400",
	publisher = "Academic Press Inc. [Harcourt Brace Jovanovich Publishers]",
	title = "{Methods of modern mathematical physics. {I}}",
	year = "1980"
}





@book{RS2,
	address = "New York",
	author = "Reed, M. and Simon, B.",
	mrclass = "47-02 (81.47)",
	mrnumber = "0493420 (58 \#12429b)",
	mrreviewer = "P. R. Chernoff",
	pages = "xv+361",
	publisher = "Academic Press [Harcourt Brace Jovanovich Publishers]",
	title = "{Methods of modern mathematical physics. {II}. {F}ourier analysis, self-adjointness}",
	year = "1975"
}



@article{GaFr1993,
	author = "Fr{\"o}hlich, J. and Gabbiani, F.",
	journal = "Comm. Math. Phys.",
	number = "3",
	pages = "569--640",
	publisher = "Springer",
	title = "{Operator algebras and conformal field theory}",
	volume = "155",
	year = "1993"
}



@article{BrGuLo1993,
	author = "Brunetti, R. and Guido, D. and Longo, R.",
	issue = "1",
	journal = "Comm. Math. Phys.",
	pages = "201--219",
	publisher = "Springer Berlin / Heidelberg",
	title = "{Modular structure and duality in conformal quantum field theory}",
	volume = "156",
	year = "1993"
}


@article{Ang:2012,
	author = "Anguelova, I.",
	title = "Twisted vertex algebras, bicharacter construction and boson-fermion correspondences",
	year = "2012",
	journal = "arXiv:1206.4026"
}



@article{Ang:2011,
	author = "Anguelova, I.",
	title = "{Boson-fermion correspondence of {type} B and twisted vertex algebras}",
	year = "2011",
	journal = "arXiv:1112.3913"
}





@article{BischTan:2013,
	author = "Bischoff, M. and Tanimoto, Y.",
	journal = "Comm. Math. Phys.",
	pages = "667--695",
	title = "{Construction of wedge-local nets of observables through Longo-Witten endomorphisms {II}}",
	volume = "317",
	year = "2013"
}





@article{Tan:LG,
	author = "Tanimoto, Y.",
	journal = "Ann. Inst. Henri Poincar\'{e}",
	pages = "805--827",
	title = "{Ground state representations of loop algebras}",
	volume = "12",
	year = "2011",
	issue = "4",
}





@article{LRboundary:2009,
	author = "Longo, R. and Rehren, K.-H.",
	title = "How to remove the boundary in {CFT}",
	year = "2009",
	journal = "Comm. Math. Phys.",
	pages = "1165--1182",
	volume = "285",
}





@article{FigGui:1989,
	author = "Figliolini, F. and Guido, D.",
	title = "The tomita operator for the free scalar field",
	year = "1989",
	journal = "Ann. Inst. Henri Poincar\'{e}",
	pages = "419--435",
	volume = "51",
        issue = "4",
}



@article{Saf:2006,
	author = "Saffary, T.",
	title = "On the generator of massive modular groups",
	year = "2006",
	journal = "Lett. Math. Phys.",
	pages = "235--248",
	volume = "77",
}






@article{ConRov:1994,
	author = "Connes, A. and Rovelli, C.",
	title = "Von {N}eumann algebra automorphisms and 
		time thermodynamics relations in general
		covariant field theories",
	year = "2008",
	journal = "Class. Quant. Grav",
	pages = "2899-2918",
	volume = "11",
	issue = "12",
}






@article{HisLon:1982,
	author = "Hislop, P. D. and Longo, R.",
	title = "Modular structure of the local algebras associated
		with the free massless scalar field theory",
	year = "1982",
	journal = "Comm. Math. Phys.",
	pages = "271-85",
	volume = "84",
}




@article{Yngv,
	author = "Yngvason, J.",
	title = "A {note} on essential duality",
	year = "1994",
	journal = "Lett. Math. Phys.",
	pages = "127-141",
	volume = "31",
}




@article{BorYngv:1999,
	author = "Borchers, H. -J. and Yngvason, J.",
	title = "Modular groups of quantum fields
		in thermal states",
	year = "1999",
	journal = "J. Math. Phys.",
	pages = "601-625",
	volume = "40",
	issue="2",
}




@article{MartRov:2003,
	author = "Martinetti, P. and Rovelli, C.",
	title = "Diamond's temperature: Unruh effect for 
		bounded trajectories and thermal time hypothesis",
	year = "2003",
	journal = "Class. Quant. Grav.",
	pages = "4919-4931",
	volume = "20",
}



@inproceedings{Buchholz:1977,
	author = "Buchholz, D.",
	title = "On the structure of local quantum fields with non-trivial
		interaction",
	year = "1977",
	publisher = "Teubner Verlagsgesellschaft",
	pages = "146-153",
	location = "Leipzig",
	organization = "Proc. of the Int. Conf. on
			Operator Algebras, Ideals and 
			their applications in Theoretical Physics",
}











