@article{S1965,
author = {S. Trybu≈Ça},
journal = {Applicationes Mathematicae},
keywords = {probability theory},
language = {eng},
number = {2},
pages = {143-156},
title = {On the paradox of n random variables},
url = {http://eudml.org/doc/267269},
volume = {8},
year = {1965},
}


@article{usiskin1964,
author = "Usiskin, Zalman",
doi = "10.1214/aoms/1177703585",
fjournal = "The Annals of Mathematical Statistics",
journal = "Ann. Math. Statist.",
month = "06",
number = "2",
pages = "857--862",
publisher = "The Institute of Mathematical Statistics",
title = "Max-Min Probabilities in the Voting Paradox",
url = "http://dx.doi.org/10.1214/aoms/1177703585",
volume = "35",
year = "1964"
}

@article{bogdanov,
author = "Bogdanov, Igor",
fjournal = "Matematicheskoe Prosveschenie",
number = "III",
pages = "240-255",
title = "Intransitive roulettes",
volume = "14",
year = "2010"
}